@misc{acoustic,
  title        = {CM0268 Chapter 8: Digital Audio Effects},
  author       = {Dave Marshall},
  date         = {2011-03-11},
  howpublished = {\url{https://users.cs.cf.ac.uk/Dave.Marshall/CM0268/PDF/10_CM0268_Audio_FX.pdf}},
  urldate      = {2024-02-25},
}

@audio{drum,
  author       = {Mike Koenig},
  title        = {Congo Drummer},
  publisher    = {SoundBible},
  type         = {WAV},
  howpublished = {\url{https://soundbible.com/122-Congo-Drummer.html}},
  urldate      = {2024-02-29},
}

@audio{yop,
  author       = {Brad Whitaker},
  title        = {yop.wav},
  type         = {WAV},
  howpublished = {unpublished},
}

@misc{cksde,
  author  = {CKSDE},
  title   = {Impulse Response audio files},
  url     = {http://www.cksde.com/p_6_250.htm},
  urldate = {2024-02-25},
}

@article{mitaudio,
  author  = {James Traer  and Josh H. McDermott },
  title   = {Statistics of natural reverberation enable perceptual separation of sound and space},
  journal = {Proceedings of the National Academy of Sciences},
  volume  = {113},
  number  = {48},
  pages   = {E7856-E7865},
  year    = {2016},
  doi     = {10.1073/pnas.1612524113},
  url     = {https://www.pnas.org/doi/abs/10.1073/pnas.1612524113},
  eprint  = {https://www.pnas.org/doi/pdf/10.1073/pnas.1612524113},
}
